% This file was created with JabRef 2.8.1.
% Encoding: UTF8

@ARTICLE{Bello1963,
  author = {Bello, P.},
  title = {Characterization of randomly time-variant linear channels},
  journal = {IEEE Transactions on Communications Systems},
  year = {1963},
  volume = {11},
  pages = {360--393},
  number = {4},
  doi = {10.1109/TCOM.1963.1088793},
  owner = {damien},
  timestamp = {2010.04.16}
}


@PHDTHESIS{Roque2012-these,
  author = {Roque, D.},
  title = {Modulations multiporteuses {WCP-OFDM} : évaluation des performances
	en environnement radiomobile},
  school = {Université de Grenoble},
  year = {2012},
  owner = {damien},
  timestamp = {2012.11.23}
}

@TECHREPORT{Roque2010,
  author = {Roque, D.},
  title = {{Mod{\'e}lisation du canal de transmission pour les communications
	num{\'e}riques}},
  institution = {GIPSA-lab},
  year = {2010},
  type = {Rapport technique},
  month = {septembre},
  owner = {damien},
  timestamp = {2010.09.09}
}

@ARTICLE{Roque2012b,
  author = {Roque, D. and Siclet, C.},
  title = {Performances of weighted cyclic prefix {OFDM} with low-complexity
	equalization},
  journal = {{IEEE} Communication Letters},
  year = {2012},
  volume = {n/a},
  pages = {n/a},
  owner = {damien},
  timestamp = {2012.08.15}
}

@TECHREPORT{Roque2011,
  author = {Roque, D. and Siclet, C.},
  title = {Analyse des performances des modulations multiporteuses filtrées
	sur les canaux doublements dispersifs},
  institution = {GIPSA-lab},
  year = {2011},
  owner = {damien},
  timestamp = {2011.09.02}
}

@INPROCEEDINGS{Roque2012c,
  author = {Roque, D. and Siclet, C. and Brossier, J.M.},
  title = {A low-complexity {FBMC} scheme analysis with {LDPC} coding in mobile-to-mobile
	Environment},
  booktitle = {Proceedings of IEEE Military Conference on Communications, MILCOM '12},
  year = {2012},
  owner = {damien},
  timestamp = {2012.04.03}
}

@INPROCEEDINGS{Roque2012d,
  author = {Roque, D. and Siclet, C. and Brossier, J.M. and Siohan, P.},
  title = {Weighted cyclic prefix {OFDM}: {PAPR} analysis and performances comparison
	with {DFT}-precoding},
  booktitle = {Proceedings of IEEE 46th Annual Asilomar Conference on Signals, Systems, and
	Computers, ASILOMARSSC '12},
  year = {2012},
  owner = {damien},
  timestamp = {2012.05.13}
}

@INPROCEEDINGS{Roque2012,
  author = {Roque, D. and Siclet, C. and Siohan, P.},
  title = {A performance comparison of {FBMC} modulation schemes with short
	perfect reconstruction filters},
  booktitle = {Proceedings of IEEE International Conference on Telecommunications, ICT '12},
  year = {2012},
  owner = {damien},
  timestamp = {2011.11.16}
}

